%YAML 1.1
%TAG !u! tag:unity3d.com,2011:
--- !u!1 &1565999829411142675
GameObject:
  m_ObjectHideFlags: 0
  m_CorrespondingSourceObject: {fileID: 0}
  m_PrefabInstance: {fileID: 0}
  m_PrefabAsset: {fileID: 0}
  serializedVersion: 6
  m_Component:
  - component: {fileID: 1565999829411142674}
  - component: {fileID: 1949803842091216927}
  m_Layer: 0
  m_Name: Enemy Move
  m_TagString: Untagged
  m_Icon: {fileID: 3306451490063965843, guid: 0000000000000000d000000000000000, type: 0}
  m_NavMeshLayer: 0
  m_StaticEditorFlags: 0
  m_IsActive: 1
--- !u!4 &1565999829411142674
Transform:
  m_ObjectHideFlags: 0
  m_CorrespondingSourceObject: {fileID: 0}
  m_PrefabInstance: {fileID: 0}
  m_PrefabAsset: {fileID: 0}
  m_GameObject: {fileID: 1565999829411142675}
  m_LocalRotation: {x: 0, y: 0, z: 0, w: 1}
  m_LocalPosition: {x: 0, y: 0, z: 0}
  m_LocalScale: {x: 1, y: 1, z: 1}
  m_Children:
  - {fileID: 1565999830195776284}
  - {fileID: 4977489335396982776}
  - {fileID: 4977489334765846017}
  - {fileID: 4977489335782494849}
  - {fileID: 4977489334939727333}
  - {fileID: 4977489334944149937}
  - {fileID: 4977489335139951401}
  - {fileID: 4977489335855662148}
  - {fileID: 4977489336280134421}
  - {fileID: 4977489335749000496}
  m_Father: {fileID: 0}
  m_RootOrder: 0
  m_LocalEulerAnglesHint: {x: 0, y: 0, z: 0}
--- !u!114 &1949803842091216927
MonoBehaviour:
  m_ObjectHideFlags: 0
  m_CorrespondingSourceObject: {fileID: 0}
  m_PrefabInstance: {fileID: 0}
  m_PrefabAsset: {fileID: 0}
  m_GameObject: {fileID: 1565999829411142675}
  m_Enabled: 1
  m_EditorHideFlags: 0
  m_Script: {fileID: 11500000, guid: 8f57ef14171463e49988a0b224494227, type: 3}
  m_Name: 
  m_EditorClassIdentifier: 
  speed: 4
  minX: -0.93
  maxX: 0.73
  startInvokeSides: 1
  rateInvokeSides: 2.5
  startInvokeDown: 3
  rateInvokeDown: 5
  isIntervalToMove: 1
--- !u!1001 &1565999828862499507
PrefabInstance:
  m_ObjectHideFlags: 0
  serializedVersion: 2
  m_Modification:
    m_TransformParent: {fileID: 1565999829411142674}
    m_Modifications:
    - target: {fileID: 5811918003086329022, guid: 5225167074d84074e902607b1d1868a0,
        type: 3}
      propertyPath: m_Name
      value: Enemy (2)
      objectReference: {fileID: 0}
    - target: {fileID: 5811918003086329010, guid: 5225167074d84074e902607b1d1868a0,
        type: 3}
      propertyPath: m_LocalPosition.x
      value: -2.67
      objectReference: {fileID: 0}
    - target: {fileID: 5811918003086329010, guid: 5225167074d84074e902607b1d1868a0,
        type: 3}
      propertyPath: m_LocalPosition.y
      value: 3.4
      objectReference: {fileID: 0}
    - target: {fileID: 5811918003086329010, guid: 5225167074d84074e902607b1d1868a0,
        type: 3}
      propertyPath: m_LocalPosition.z
      value: 0
      objectReference: {fileID: 0}
    - target: {fileID: 5811918003086329010, guid: 5225167074d84074e902607b1d1868a0,
        type: 3}
      propertyPath: m_LocalRotation.x
      value: -0
      objectReference: {fileID: 0}
    - target: {fileID: 5811918003086329010, guid: 5225167074d84074e902607b1d1868a0,
        type: 3}
      propertyPath: m_LocalRotation.y
      value: -0
      objectReference: {fileID: 0}
    - target: {fileID: 5811918003086329010, guid: 5225167074d84074e902607b1d1868a0,
        type: 3}
      propertyPath: m_LocalRotation.z
      value: -0
      objectReference: {fileID: 0}
    - target: {fileID: 5811918003086329010, guid: 5225167074d84074e902607b1d1868a0,
        type: 3}
      propertyPath: m_LocalRotation.w
      value: 1
      objectReference: {fileID: 0}
    - target: {fileID: 5811918003086329010, guid: 5225167074d84074e902607b1d1868a0,
        type: 3}
      propertyPath: m_RootOrder
      value: 2
      objectReference: {fileID: 0}
    - target: {fileID: 5811918003086329010, guid: 5225167074d84074e902607b1d1868a0,
        type: 3}
      propertyPath: m_LocalEulerAnglesHint.x
      value: 0
      objectReference: {fileID: 0}
    - target: {fileID: 5811918003086329010, guid: 5225167074d84074e902607b1d1868a0,
        type: 3}
      propertyPath: m_LocalEulerAnglesHint.y
      value: 0
      objectReference: {fileID: 0}
    - target: {fileID: 5811918003086329010, guid: 5225167074d84074e902607b1d1868a0,
        type: 3}
      propertyPath: m_LocalEulerAnglesHint.z
      value: 0
      objectReference: {fileID: 0}
    m_RemovedComponents: []
  m_SourcePrefab: {fileID: 100100000, guid: 5225167074d84074e902607b1d1868a0, type: 3}
--- !u!4 &4977489334765846017 stripped
Transform:
  m_CorrespondingSourceObject: {fileID: 5811918003086329010, guid: 5225167074d84074e902607b1d1868a0,
    type: 3}
  m_PrefabInstance: {fileID: 1565999828862499507}
  m_PrefabAsset: {fileID: 0}
--- !u!1001 &1565999829019833603
PrefabInstance:
  m_ObjectHideFlags: 0
  serializedVersion: 2
  m_Modification:
    m_TransformParent: {fileID: 1565999829411142674}
    m_Modifications:
    - target: {fileID: 5811918003086329022, guid: 5225167074d84074e902607b1d1868a0,
        type: 3}
      propertyPath: m_Name
      value: Enemy (5)
      objectReference: {fileID: 0}
    - target: {fileID: 5811918003086329010, guid: 5225167074d84074e902607b1d1868a0,
        type: 3}
      propertyPath: m_LocalPosition.x
      value: 0.65999985
      objectReference: {fileID: 0}
    - target: {fileID: 5811918003086329010, guid: 5225167074d84074e902607b1d1868a0,
        type: 3}
      propertyPath: m_LocalPosition.y
      value: 3.4
      objectReference: {fileID: 0}
    - target: {fileID: 5811918003086329010, guid: 5225167074d84074e902607b1d1868a0,
        type: 3}
      propertyPath: m_LocalPosition.z
      value: 0
      objectReference: {fileID: 0}
    - target: {fileID: 5811918003086329010, guid: 5225167074d84074e902607b1d1868a0,
        type: 3}
      propertyPath: m_LocalRotation.x
      value: -0
      objectReference: {fileID: 0}
    - target: {fileID: 5811918003086329010, guid: 5225167074d84074e902607b1d1868a0,
        type: 3}
      propertyPath: m_LocalRotation.y
      value: -0
      objectReference: {fileID: 0}
    - target: {fileID: 5811918003086329010, guid: 5225167074d84074e902607b1d1868a0,
        type: 3}
      propertyPath: m_LocalRotation.z
      value: -0
      objectReference: {fileID: 0}
    - target: {fileID: 5811918003086329010, guid: 5225167074d84074e902607b1d1868a0,
        type: 3}
      propertyPath: m_LocalRotation.w
      value: 1
      objectReference: {fileID: 0}
    - target: {fileID: 5811918003086329010, guid: 5225167074d84074e902607b1d1868a0,
        type: 3}
      propertyPath: m_RootOrder
      value: 5
      objectReference: {fileID: 0}
    - target: {fileID: 5811918003086329010, guid: 5225167074d84074e902607b1d1868a0,
        type: 3}
      propertyPath: m_LocalEulerAnglesHint.x
      value: 0
      objectReference: {fileID: 0}
    - target: {fileID: 5811918003086329010, guid: 5225167074d84074e902607b1d1868a0,
        type: 3}
      propertyPath: m_LocalEulerAnglesHint.y
      value: 0
      objectReference: {fileID: 0}
    - target: {fileID: 5811918003086329010, guid: 5225167074d84074e902607b1d1868a0,
        type: 3}
      propertyPath: m_LocalEulerAnglesHint.z
      value: 0
      objectReference: {fileID: 0}
    m_RemovedComponents: []
  m_SourcePrefab: {fileID: 100100000, guid: 5225167074d84074e902607b1d1868a0, type: 3}
--- !u!4 &4977489334944149937 stripped
Transform:
  m_CorrespondingSourceObject: {fileID: 5811918003086329010, guid: 5225167074d84074e902607b1d1868a0,
    type: 3}
  m_PrefabInstance: {fileID: 1565999829019833603}
  m_PrefabAsset: {fileID: 0}
--- !u!1001 &1565999829032120663
PrefabInstance:
  m_ObjectHideFlags: 0
  serializedVersion: 2
  m_Modification:
    m_TransformParent: {fileID: 1565999829411142674}
    m_Modifications:
    - target: {fileID: 5811918003086329022, guid: 5225167074d84074e902607b1d1868a0,
        type: 3}
      propertyPath: m_Name
      value: Enemy (4)
      objectReference: {fileID: 0}
    - target: {fileID: 5811918003086329010, guid: 5225167074d84074e902607b1d1868a0,
        type: 3}
      propertyPath: m_LocalPosition.x
      value: -0.41
      objectReference: {fileID: 0}
    - target: {fileID: 5811918003086329010, guid: 5225167074d84074e902607b1d1868a0,
        type: 3}
      propertyPath: m_LocalPosition.y
      value: 3.4
      objectReference: {fileID: 0}
    - target: {fileID: 5811918003086329010, guid: 5225167074d84074e902607b1d1868a0,
        type: 3}
      propertyPath: m_LocalPosition.z
      value: 0
      objectReference: {fileID: 0}
    - target: {fileID: 5811918003086329010, guid: 5225167074d84074e902607b1d1868a0,
        type: 3}
      propertyPath: m_LocalRotation.x
      value: -0
      objectReference: {fileID: 0}
    - target: {fileID: 5811918003086329010, guid: 5225167074d84074e902607b1d1868a0,
        type: 3}
      propertyPath: m_LocalRotation.y
      value: -0
      objectReference: {fileID: 0}
    - target: {fileID: 5811918003086329010, guid: 5225167074d84074e902607b1d1868a0,
        type: 3}
      propertyPath: m_LocalRotation.z
      value: -0
      objectReference: {fileID: 0}
    - target: {fileID: 5811918003086329010, guid: 5225167074d84074e902607b1d1868a0,
        type: 3}
      propertyPath: m_LocalRotation.w
      value: 1
      objectReference: {fileID: 0}
    - target: {fileID: 5811918003086329010, guid: 5225167074d84074e902607b1d1868a0,
        type: 3}
      propertyPath: m_RootOrder
      value: 4
      objectReference: {fileID: 0}
    - target: {fileID: 5811918003086329010, guid: 5225167074d84074e902607b1d1868a0,
        type: 3}
      propertyPath: m_LocalEulerAnglesHint.x
      value: 0
      objectReference: {fileID: 0}
    - target: {fileID: 5811918003086329010, guid: 5225167074d84074e902607b1d1868a0,
        type: 3}
      propertyPath: m_LocalEulerAnglesHint.y
      value: 0
      objectReference: {fileID: 0}
    - target: {fileID: 5811918003086329010, guid: 5225167074d84074e902607b1d1868a0,
        type: 3}
      propertyPath: m_LocalEulerAnglesHint.z
      value: 0
      objectReference: {fileID: 0}
    m_RemovedComponents: []
  m_SourcePrefab: {fileID: 100100000, guid: 5225167074d84074e902607b1d1868a0, type: 3}
--- !u!4 &4977489334939727333 stripped
Transform:
  m_CorrespondingSourceObject: {fileID: 5811918003086329010, guid: 5225167074d84074e902607b1d1868a0,
    type: 3}
  m_PrefabInstance: {fileID: 1565999829032120663}
  m_PrefabAsset: {fileID: 0}
--- !u!1001 &1565999829101275035
PrefabInstance:
  m_ObjectHideFlags: 0
  serializedVersion: 2
  m_Modification:
    m_TransformParent: {fileID: 1565999829411142674}
    m_Modifications:
    - target: {fileID: 5811918003086329022, guid: 5225167074d84074e902607b1d1868a0,
        type: 3}
      propertyPath: m_Name
      value: Enemy (6)
      objectReference: {fileID: 0}
    - target: {fileID: 5811918003086329010, guid: 5225167074d84074e902607b1d1868a0,
        type: 3}
      propertyPath: m_LocalPosition.x
      value: 3.7800002
      objectReference: {fileID: 0}
    - target: {fileID: 5811918003086329010, guid: 5225167074d84074e902607b1d1868a0,
        type: 3}
      propertyPath: m_LocalPosition.y
      value: 3.4
      objectReference: {fileID: 0}
    - target: {fileID: 5811918003086329010, guid: 5225167074d84074e902607b1d1868a0,
        type: 3}
      propertyPath: m_LocalPosition.z
      value: 0
      objectReference: {fileID: 0}
    - target: {fileID: 5811918003086329010, guid: 5225167074d84074e902607b1d1868a0,
        type: 3}
      propertyPath: m_LocalRotation.x
      value: -0
      objectReference: {fileID: 0}
    - target: {fileID: 5811918003086329010, guid: 5225167074d84074e902607b1d1868a0,
        type: 3}
      propertyPath: m_LocalRotation.y
      value: -0
      objectReference: {fileID: 0}
    - target: {fileID: 5811918003086329010, guid: 5225167074d84074e902607b1d1868a0,
        type: 3}
      propertyPath: m_LocalRotation.z
      value: -0
      objectReference: {fileID: 0}
    - target: {fileID: 5811918003086329010, guid: 5225167074d84074e902607b1d1868a0,
        type: 3}
      propertyPath: m_LocalRotation.w
      value: 1
      objectReference: {fileID: 0}
    - target: {fileID: 5811918003086329010, guid: 5225167074d84074e902607b1d1868a0,
        type: 3}
      propertyPath: m_RootOrder
      value: 6
      objectReference: {fileID: 0}
    - target: {fileID: 5811918003086329010, guid: 5225167074d84074e902607b1d1868a0,
        type: 3}
      propertyPath: m_LocalEulerAnglesHint.x
      value: 0
      objectReference: {fileID: 0}
    - target: {fileID: 5811918003086329010, guid: 5225167074d84074e902607b1d1868a0,
        type: 3}
      propertyPath: m_LocalEulerAnglesHint.y
      value: 0
      objectReference: {fileID: 0}
    - target: {fileID: 5811918003086329010, guid: 5225167074d84074e902607b1d1868a0,
        type: 3}
      propertyPath: m_LocalEulerAnglesHint.z
      value: 0
      objectReference: {fileID: 0}
    m_RemovedComponents: []
  m_SourcePrefab: {fileID: 100100000, guid: 5225167074d84074e902607b1d1868a0, type: 3}
--- !u!4 &4977489335139951401 stripped
Transform:
  m_CorrespondingSourceObject: {fileID: 5811918003086329010, guid: 5225167074d84074e902607b1d1868a0,
    type: 3}
  m_PrefabInstance: {fileID: 1565999829101275035}
  m_PrefabAsset: {fileID: 0}
--- !u!1001 &1565999829304826698
PrefabInstance:
  m_ObjectHideFlags: 0
  serializedVersion: 2
  m_Modification:
    m_TransformParent: {fileID: 1565999829411142674}
    m_Modifications:
    - target: {fileID: 5811918003086329022, guid: 5225167074d84074e902607b1d1868a0,
        type: 3}
      propertyPath: m_Name
      value: Enemy (1)
      objectReference: {fileID: 0}
    - target: {fileID: 5811918003086329010, guid: 5225167074d84074e902607b1d1868a0,
        type: 3}
      propertyPath: m_LocalPosition.x
      value: -3.74
      objectReference: {fileID: 0}
    - target: {fileID: 5811918003086329010, guid: 5225167074d84074e902607b1d1868a0,
        type: 3}
      propertyPath: m_LocalPosition.y
      value: 3.4
      objectReference: {fileID: 0}
    - target: {fileID: 5811918003086329010, guid: 5225167074d84074e902607b1d1868a0,
        type: 3}
      propertyPath: m_LocalPosition.z
      value: 0
      objectReference: {fileID: 0}
    - target: {fileID: 5811918003086329010, guid: 5225167074d84074e902607b1d1868a0,
        type: 3}
      propertyPath: m_LocalRotation.x
      value: -0
      objectReference: {fileID: 0}
    - target: {fileID: 5811918003086329010, guid: 5225167074d84074e902607b1d1868a0,
        type: 3}
      propertyPath: m_LocalRotation.y
      value: -0
      objectReference: {fileID: 0}
    - target: {fileID: 5811918003086329010, guid: 5225167074d84074e902607b1d1868a0,
        type: 3}
      propertyPath: m_LocalRotation.z
      value: -0
      objectReference: {fileID: 0}
    - target: {fileID: 5811918003086329010, guid: 5225167074d84074e902607b1d1868a0,
        type: 3}
      propertyPath: m_LocalRotation.w
      value: 1
      objectReference: {fileID: 0}
    - target: {fileID: 5811918003086329010, guid: 5225167074d84074e902607b1d1868a0,
        type: 3}
      propertyPath: m_RootOrder
      value: 1
      objectReference: {fileID: 0}
    - target: {fileID: 5811918003086329010, guid: 5225167074d84074e902607b1d1868a0,
        type: 3}
      propertyPath: m_LocalEulerAnglesHint.x
      value: 0
      objectReference: {fileID: 0}
    - target: {fileID: 5811918003086329010, guid: 5225167074d84074e902607b1d1868a0,
        type: 3}
      propertyPath: m_LocalEulerAnglesHint.y
      value: 0
      objectReference: {fileID: 0}
    - target: {fileID: 5811918003086329010, guid: 5225167074d84074e902607b1d1868a0,
        type: 3}
      propertyPath: m_LocalEulerAnglesHint.z
      value: 0
      objectReference: {fileID: 0}
    m_RemovedComponents: []
  m_SourcePrefab: {fileID: 100100000, guid: 5225167074d84074e902607b1d1868a0, type: 3}
--- !u!4 &4977489335396982776 stripped
Transform:
  m_CorrespondingSourceObject: {fileID: 5811918003086329010, guid: 5225167074d84074e902607b1d1868a0,
    type: 3}
  m_PrefabInstance: {fileID: 1565999829304826698}
  m_PrefabAsset: {fileID: 0}
--- !u!1001 &1565999829727106611
PrefabInstance:
  m_ObjectHideFlags: 0
  serializedVersion: 2
  m_Modification:
    m_TransformParent: {fileID: 1565999829411142674}
    m_Modifications:
    - target: {fileID: 5811918003086329022, guid: 5225167074d84074e902607b1d1868a0,
        type: 3}
      propertyPath: m_Name
      value: Enemy (3)
      objectReference: {fileID: 0}
    - target: {fileID: 5811918003086329010, guid: 5225167074d84074e902607b1d1868a0,
        type: 3}
      propertyPath: m_LocalPosition.x
      value: -1.4400005
      objectReference: {fileID: 0}
    - target: {fileID: 5811918003086329010, guid: 5225167074d84074e902607b1d1868a0,
        type: 3}
      propertyPath: m_LocalPosition.y
      value: 3.4
      objectReference: {fileID: 0}
    - target: {fileID: 5811918003086329010, guid: 5225167074d84074e902607b1d1868a0,
        type: 3}
      propertyPath: m_LocalPosition.z
      value: 0
      objectReference: {fileID: 0}
    - target: {fileID: 5811918003086329010, guid: 5225167074d84074e902607b1d1868a0,
        type: 3}
      propertyPath: m_LocalRotation.x
      value: -0
      objectReference: {fileID: 0}
    - target: {fileID: 5811918003086329010, guid: 5225167074d84074e902607b1d1868a0,
        type: 3}
      propertyPath: m_LocalRotation.y
      value: -0
      objectReference: {fileID: 0}
    - target: {fileID: 5811918003086329010, guid: 5225167074d84074e902607b1d1868a0,
        type: 3}
      propertyPath: m_LocalRotation.z
      value: -0
      objectReference: {fileID: 0}
    - target: {fileID: 5811918003086329010, guid: 5225167074d84074e902607b1d1868a0,
        type: 3}
      propertyPath: m_LocalRotation.w
      value: 1
      objectReference: {fileID: 0}
    - target: {fileID: 5811918003086329010, guid: 5225167074d84074e902607b1d1868a0,
        type: 3}
      propertyPath: m_RootOrder
      value: 3
      objectReference: {fileID: 0}
    - target: {fileID: 5811918003086329010, guid: 5225167074d84074e902607b1d1868a0,
        type: 3}
      propertyPath: m_LocalEulerAnglesHint.x
      value: 0
      objectReference: {fileID: 0}
    - target: {fileID: 5811918003086329010, guid: 5225167074d84074e902607b1d1868a0,
        type: 3}
      propertyPath: m_LocalEulerAnglesHint.y
      value: 0
      objectReference: {fileID: 0}
    - target: {fileID: 5811918003086329010, guid: 5225167074d84074e902607b1d1868a0,
        type: 3}
      propertyPath: m_LocalEulerAnglesHint.z
      value: 0
      objectReference: {fileID: 0}
    m_RemovedComponents: []
  m_SourcePrefab: {fileID: 100100000, guid: 5225167074d84074e902607b1d1868a0, type: 3}
--- !u!4 &4977489335782494849 stripped
Transform:
  m_CorrespondingSourceObject: {fileID: 5811918003086329010, guid: 5225167074d84074e902607b1d1868a0,
    type: 3}
  m_PrefabInstance: {fileID: 1565999829727106611}
  m_PrefabAsset: {fileID: 0}
--- !u!1001 &1565999829827828098
PrefabInstance:
  m_ObjectHideFlags: 0
  serializedVersion: 2
  m_Modification:
    m_TransformParent: {fileID: 1565999829411142674}
    m_Modifications:
    - target: {fileID: 5811918003086329022, guid: 5225167074d84074e902607b1d1868a0,
        type: 3}
      propertyPath: m_Name
      value: Enemy (9)
      objectReference: {fileID: 0}
    - target: {fileID: 5811918003086329010, guid: 5225167074d84074e902607b1d1868a0,
        type: 3}
      propertyPath: m_LocalPosition.x
      value: 4.89
      objectReference: {fileID: 0}
    - target: {fileID: 5811918003086329010, guid: 5225167074d84074e902607b1d1868a0,
        type: 3}
      propertyPath: m_LocalPosition.y
      value: 3.4
      objectReference: {fileID: 0}
    - target: {fileID: 5811918003086329010, guid: 5225167074d84074e902607b1d1868a0,
        type: 3}
      propertyPath: m_LocalPosition.z
      value: 0
      objectReference: {fileID: 0}
    - target: {fileID: 5811918003086329010, guid: 5225167074d84074e902607b1d1868a0,
        type: 3}
      propertyPath: m_LocalRotation.x
      value: -0
      objectReference: {fileID: 0}
    - target: {fileID: 5811918003086329010, guid: 5225167074d84074e902607b1d1868a0,
        type: 3}
      propertyPath: m_LocalRotation.y
      value: -0
      objectReference: {fileID: 0}
    - target: {fileID: 5811918003086329010, guid: 5225167074d84074e902607b1d1868a0,
        type: 3}
      propertyPath: m_LocalRotation.z
      value: -0
      objectReference: {fileID: 0}
    - target: {fileID: 5811918003086329010, guid: 5225167074d84074e902607b1d1868a0,
        type: 3}
      propertyPath: m_LocalRotation.w
      value: 1
      objectReference: {fileID: 0}
    - target: {fileID: 5811918003086329010, guid: 5225167074d84074e902607b1d1868a0,
        type: 3}
      propertyPath: m_RootOrder
      value: 9
      objectReference: {fileID: 0}
    - target: {fileID: 5811918003086329010, guid: 5225167074d84074e902607b1d1868a0,
        type: 3}
      propertyPath: m_LocalEulerAnglesHint.x
      value: 0
      objectReference: {fileID: 0}
    - target: {fileID: 5811918003086329010, guid: 5225167074d84074e902607b1d1868a0,
        type: 3}
      propertyPath: m_LocalEulerAnglesHint.y
      value: 0
      objectReference: {fileID: 0}
    - target: {fileID: 5811918003086329010, guid: 5225167074d84074e902607b1d1868a0,
        type: 3}
      propertyPath: m_LocalEulerAnglesHint.z
      value: 0
      objectReference: {fileID: 0}
    m_RemovedComponents: []
  m_SourcePrefab: {fileID: 100100000, guid: 5225167074d84074e902607b1d1868a0, type: 3}
--- !u!4 &4977489335749000496 stripped
Transform:
  m_CorrespondingSourceObject: {fileID: 5811918003086329010, guid: 5225167074d84074e902607b1d1868a0,
    type: 3}
  m_PrefabInstance: {fileID: 1565999829827828098}
  m_PrefabAsset: {fileID: 0}
--- !u!1001 &1565999829930230006
PrefabInstance:
  m_ObjectHideFlags: 0
  serializedVersion: 2
  m_Modification:
    m_TransformParent: {fileID: 1565999829411142674}
    m_Modifications:
    - target: {fileID: 5811918003086329022, guid: 5225167074d84074e902607b1d1868a0,
        type: 3}
      propertyPath: m_Name
      value: Enemy (7)
      objectReference: {fileID: 0}
    - target: {fileID: 5811918003086329010, guid: 5225167074d84074e902607b1d1868a0,
        type: 3}
      propertyPath: m_LocalPosition.x
      value: 1.68
      objectReference: {fileID: 0}
    - target: {fileID: 5811918003086329010, guid: 5225167074d84074e902607b1d1868a0,
        type: 3}
      propertyPath: m_LocalPosition.y
      value: 3.4
      objectReference: {fileID: 0}
    - target: {fileID: 5811918003086329010, guid: 5225167074d84074e902607b1d1868a0,
        type: 3}
      propertyPath: m_LocalPosition.z
      value: 0
      objectReference: {fileID: 0}
    - target: {fileID: 5811918003086329010, guid: 5225167074d84074e902607b1d1868a0,
        type: 3}
      propertyPath: m_LocalRotation.x
      value: -0
      objectReference: {fileID: 0}
    - target: {fileID: 5811918003086329010, guid: 5225167074d84074e902607b1d1868a0,
        type: 3}
      propertyPath: m_LocalRotation.y
      value: -0
      objectReference: {fileID: 0}
    - target: {fileID: 5811918003086329010, guid: 5225167074d84074e902607b1d1868a0,
        type: 3}
      propertyPath: m_LocalRotation.z
      value: -0
      objectReference: {fileID: 0}
    - target: {fileID: 5811918003086329010, guid: 5225167074d84074e902607b1d1868a0,
        type: 3}
      propertyPath: m_LocalRotation.w
      value: 1
      objectReference: {fileID: 0}
    - target: {fileID: 5811918003086329010, guid: 5225167074d84074e902607b1d1868a0,
        type: 3}
      propertyPath: m_RootOrder
      value: 7
      objectReference: {fileID: 0}
    - target: {fileID: 5811918003086329010, guid: 5225167074d84074e902607b1d1868a0,
        type: 3}
      propertyPath: m_LocalEulerAnglesHint.x
      value: 0
      objectReference: {fileID: 0}
    - target: {fileID: 5811918003086329010, guid: 5225167074d84074e902607b1d1868a0,
        type: 3}
      propertyPath: m_LocalEulerAnglesHint.y
      value: 0
      objectReference: {fileID: 0}
    - target: {fileID: 5811918003086329010, guid: 5225167074d84074e902607b1d1868a0,
        type: 3}
      propertyPath: m_LocalEulerAnglesHint.z
      value: 0
      objectReference: {fileID: 0}
    m_RemovedComponents: []
  m_SourcePrefab: {fileID: 100100000, guid: 5225167074d84074e902607b1d1868a0, type: 3}
--- !u!4 &4977489335855662148 stripped
Transform:
  m_CorrespondingSourceObject: {fileID: 5811918003086329010, guid: 5225167074d84074e902607b1d1868a0,
    type: 3}
  m_PrefabInstance: {fileID: 1565999829930230006}
  m_PrefabAsset: {fileID: 0}
--- !u!1001 &1565999830376724391
PrefabInstance:
  m_ObjectHideFlags: 0
  serializedVersion: 2
  m_Modification:
    m_TransformParent: {fileID: 1565999829411142674}
    m_Modifications:
    - target: {fileID: 5811918003086329022, guid: 5225167074d84074e902607b1d1868a0,
        type: 3}
      propertyPath: m_Name
      value: Enemy (8)
      objectReference: {fileID: 0}
    - target: {fileID: 5811918003086329010, guid: 5225167074d84074e902607b1d1868a0,
        type: 3}
      propertyPath: m_LocalPosition.x
      value: 2.7100003
      objectReference: {fileID: 0}
    - target: {fileID: 5811918003086329010, guid: 5225167074d84074e902607b1d1868a0,
        type: 3}
      propertyPath: m_LocalPosition.y
      value: 3.4
      objectReference: {fileID: 0}
    - target: {fileID: 5811918003086329010, guid: 5225167074d84074e902607b1d1868a0,
        type: 3}
      propertyPath: m_LocalPosition.z
      value: 0
      objectReference: {fileID: 0}
    - target: {fileID: 5811918003086329010, guid: 5225167074d84074e902607b1d1868a0,
        type: 3}
      propertyPath: m_LocalRotation.x
      value: -0
      objectReference: {fileID: 0}
    - target: {fileID: 5811918003086329010, guid: 5225167074d84074e902607b1d1868a0,
        type: 3}
      propertyPath: m_LocalRotation.y
      value: -0
      objectReference: {fileID: 0}
    - target: {fileID: 5811918003086329010, guid: 5225167074d84074e902607b1d1868a0,
        type: 3}
      propertyPath: m_LocalRotation.z
      value: -0
      objectReference: {fileID: 0}
    - target: {fileID: 5811918003086329010, guid: 5225167074d84074e902607b1d1868a0,
        type: 3}
      propertyPath: m_LocalRotation.w
      value: 1
      objectReference: {fileID: 0}
    - target: {fileID: 5811918003086329010, guid: 5225167074d84074e902607b1d1868a0,
        type: 3}
      propertyPath: m_RootOrder
      value: 8
      objectReference: {fileID: 0}
    - target: {fileID: 5811918003086329010, guid: 5225167074d84074e902607b1d1868a0,
        type: 3}
      propertyPath: m_LocalEulerAnglesHint.x
      value: 0
      objectReference: {fileID: 0}
    - target: {fileID: 5811918003086329010, guid: 5225167074d84074e902607b1d1868a0,
        type: 3}
      propertyPath: m_LocalEulerAnglesHint.y
      value: 0
      objectReference: {fileID: 0}
    - target: {fileID: 5811918003086329010, guid: 5225167074d84074e902607b1d1868a0,
        type: 3}
      propertyPath: m_LocalEulerAnglesHint.z
      value: 0
      objectReference: {fileID: 0}
    m_RemovedComponents: []
  m_SourcePrefab: {fileID: 100100000, guid: 5225167074d84074e902607b1d1868a0, type: 3}
--- !u!4 &4977489336280134421 stripped
Transform:
  m_CorrespondingSourceObject: {fileID: 5811918003086329010, guid: 5225167074d84074e902607b1d1868a0,
    type: 3}
  m_PrefabInstance: {fileID: 1565999830376724391}
  m_PrefabAsset: {fileID: 0}
--- !u!1001 &4977489336117014446
PrefabInstance:
  m_ObjectHideFlags: 0
  serializedVersion: 2
  m_Modification:
    m_TransformParent: {fileID: 1565999829411142674}
    m_Modifications:
    - target: {fileID: 5811918003086329022, guid: 5225167074d84074e902607b1d1868a0,
        type: 3}
      propertyPath: m_Name
      value: Enemy
      objectReference: {fileID: 0}
    - target: {fileID: 5811918003086329010, guid: 5225167074d84074e902607b1d1868a0,
        type: 3}
      propertyPath: m_LocalPosition.x
      value: -4.7700005
      objectReference: {fileID: 0}
    - target: {fileID: 5811918003086329010, guid: 5225167074d84074e902607b1d1868a0,
        type: 3}
      propertyPath: m_LocalPosition.y
      value: 3.4
      objectReference: {fileID: 0}
    - target: {fileID: 5811918003086329010, guid: 5225167074d84074e902607b1d1868a0,
        type: 3}
      propertyPath: m_LocalPosition.z
      value: 0
      objectReference: {fileID: 0}
    - target: {fileID: 5811918003086329010, guid: 5225167074d84074e902607b1d1868a0,
        type: 3}
      propertyPath: m_LocalRotation.x
      value: -0
      objectReference: {fileID: 0}
    - target: {fileID: 5811918003086329010, guid: 5225167074d84074e902607b1d1868a0,
        type: 3}
      propertyPath: m_LocalRotation.y
      value: -0
      objectReference: {fileID: 0}
    - target: {fileID: 5811918003086329010, guid: 5225167074d84074e902607b1d1868a0,
        type: 3}
      propertyPath: m_LocalRotation.z
      value: -0
      objectReference: {fileID: 0}
    - target: {fileID: 5811918003086329010, guid: 5225167074d84074e902607b1d1868a0,
        type: 3}
      propertyPath: m_LocalRotation.w
      value: 1
      objectReference: {fileID: 0}
    - target: {fileID: 5811918003086329010, guid: 5225167074d84074e902607b1d1868a0,
        type: 3}
      propertyPath: m_RootOrder
      value: 0
      objectReference: {fileID: 0}
    - target: {fileID: 5811918003086329010, guid: 5225167074d84074e902607b1d1868a0,
        type: 3}
      propertyPath: m_LocalEulerAnglesHint.x
      value: 0
      objectReference: {fileID: 0}
    - target: {fileID: 5811918003086329010, guid: 5225167074d84074e902607b1d1868a0,
        type: 3}
      propertyPath: m_LocalEulerAnglesHint.y
      value: 0
      objectReference: {fileID: 0}
    - target: {fileID: 5811918003086329010, guid: 5225167074d84074e902607b1d1868a0,
        type: 3}
      propertyPath: m_LocalEulerAnglesHint.z
      value: 0
      objectReference: {fileID: 0}
    m_RemovedComponents: []
  m_SourcePrefab: {fileID: 100100000, guid: 5225167074d84074e902607b1d1868a0, type: 3}
--- !u!4 &1565999830195776284 stripped
Transform:
  m_CorrespondingSourceObject: {fileID: 5811918003086329010, guid: 5225167074d84074e902607b1d1868a0,
    type: 3}
  m_PrefabInstance: {fileID: 4977489336117014446}
  m_PrefabAsset: {fileID: 0}
